@book{bohm,
    author    = "David Bohm",
    title     = "A Suggested Interpretation of the Quantum Theory in Terms of ``Hidden'' Variables. I",
    year      = "1951",
    publisher = "Physical Review"
}

@book{philippidis,
    author    = "C. Philippidis and C. Dewdney and B. J. Hiley",
    title     = "Quantum Interference and the Quantum Potential.",
    year      = "1978",
    publisher = "Il Nuovo Cimento 52 B, 15 "
}

@book{guay,
    author    = "E. Guay and L. Marchildon",
    title     = "Two-particle interference in standard and Bohmian quantum mechanics",
    year      = "2003",
    publisher = "J. Phys. A: Math. Gen. 36, 5617"
}

@book{guay-double-slit,
    author    = "E. Guay and L. Marchildon",
    title     = "Wave functions and Bohmian trajectories in interference phenomena",
    year      = "2004",
    publisher = "Elsevier Science"
}
@misc{chaloupka,
    author    = "Vladimir Chaloupka",
    note      = "University of Washington",
    year      = "2012"
}
@misc{dowsa,
    author    = "David Stygstra",
    note      = "Improved rk4 implementation, dowsa.com",
    year      = "2012"
}
@misc{wiki,
  author      = "Wikipedia",
  title       = "Double-slit experiment",
  note        = "wikipedia.org/wiki/Double-slit\_experiment",
  year        = "2012"
}               

